fiscalDateEnding,reportedCurrency,grossProfit,totalRevenue,costOfRevenue,costofGoodsAndServicesSold,operatingIncome,sellingGeneralAndAdministrative,researchAndDevelopment,operatingExpenses,investmentIncomeNet,netInterestIncome,interestIncome,interestExpense,nonInterestIncome,otherNonOperatingIncome,depreciation,depreciationAndAmortization,incomeBeforeTax,incomeTaxExpense,interestAndDebtExpense,netIncomeFromContinuingOperations,comprehensiveIncomeNetOfTax,ebit,ebitda,netIncome,ticker
2023-09-30,USD,169148000000,379352000000,239069000000,214137000000,114301000000,24932000000,29915000000,54847000000,3750000000,-3933000000,183000000,3933000000,383285000000,-382000000,8500000000,11519000000,113736000000,16741000000,3933000000,96995000000,96652000000,117669000000,125820000000,96995000000,AAPL
2022-09-30,USD,170782000000,391397000000,248640000000,223546000000,119437000000,25094000000,26251000000,51345000000,2825000000,-2931000000,106000000,2931000000,394328000000,-228000000,8700000000,11104000000,119103000000,19300000000,2931000000,99803000000,88531000000,122034000000,130541000000,99803000000,AAPL
2021-09-30,USD,152836000000,363172000000,234954000000,212981000000,108949000000,21973000000,21914000000,43887000000,2843000000,-2645000000,2843000000,2645000000,365817000000,60000000,9500000000,11284000000,109207000000,14527000000,2645000000,94680000000,95249000000,111852000000,120233000000,94680000000,AAPL
2020-09-30,USD,104956000000,271642000000,189475000000,169559000000,66288000000,19916000000,18752000000,38668000000,3763000000,-2873000000,3763000000,2873000000,274515000000,-87000000,9700000000,11056000000,67091000000,9680000000,2873000000,57411000000,57453000000,69964000000,77344000000,57411000000,AAPL
2019-09-30,USD,98392000000,256598000000,180027000000,161782000000,63930000000,18245000000,16217000000,34462000000,4961000000,-3576000000,4961000000,3576000000,260174000000,422000000,11300000000,12547000000,65737000000,10481000000,3576000000,55256000000,58037000000,69313000000,76477000000,55256000000,AAPL
2018-09-30,USD,101839000000,265595000000,163756000000,163756000000,70898000000,16705000000,14236000000,30941000000,5686000000,-3240000000,5686000000,3240000000,265595000000,-441000000,9300000000,10903000000,72903000000,13372000000,3240000000,59531000000,56505000000,76143000000,81801000000,59531000000,AAPL
2017-09-30,USD,88186000000,229234000000,141048000000,141048000000,61344000000,15261000000,11581000000,26842000000,5201000000,-2323000000,5201000000,2323000000,229234000000,-133000000,8200000000,1200000000,64089000000,15738000000,2323000000,48351000000,47567000000,66412000000,67612000000,48351000000,AAPL
2016-09-30,USD,84263000000,215639000000,131376000000,131376000000,60024000000,14194000000,10045000000,24239000000,3999000000,-1456000000,3999000000,1456000000,None,-1195000000,8300000000,8300000000,61372000000,15685000000,1456000000,45687000000,46666000000,62828000000,71128000000,45687000000,AAPL
2015-09-30,USD,93626000000,232982000000,163618000000,140089000000,71230000000,14329000000,8067000000,22396000000,2921000000,-733000000,None,733000000,None,-903000000,None,9200000000,72515000000,19121000000,733000000,53394000000,51967000000,73248000000,82448000000,53394000000,AAPL
2014-09-30,USD,70537000000,182411000000,131151000000,112258000000,52503000000,11993000000,6041000000,18034000000,1795000000,-384000000,None,384000000,None,-431000000,None,6900000000,53483000000,13973000000,384000000,39510000000,41063000000,53867000000,60767000000,39510000000,AAPL
2013-09-30,USD,64304000000,170774000000,123236000000,106606000000,48999000000,10830000000,4475000000,15305000000,1616000000,-136000000,None,136000000,None,-324000000,None,5800000000,50155000000,13118000000,136000000,37037000000,36067000000,50291000000,56091000000,37037000000,AAPL
2012-09-30,USD,68662000000,156508000000,100486000000,87846000000,55241000000,10040000000,3381000000,13421000000,1088000000,0,None,0,None,-566000000,None,2600000000,55763000000,14030000000,0,41733000000,41789000000,55763000000,58363000000,41733000000,AAPL
2011-09-30,USD,43818000000,108249000000,73630000000,64431000000,33790000000,7599000000,2429000000,10028000000,519000000,0,None,0,None,-104000000,None,1600000000,34205000000,8283000000,0,25922000000,26411000000,34205000000,35805000000,25922000000,AAPL
2010-09-30,USD,25684000000,65225000000,45873000000,39541000000,18385000000,5517000000,1782000000,7299000000,None,None,None,155000000,None,155000000,None,815000000,18540000000,4527000000,None,14013000000,13890000000,18385000000,19200000000,14013000000,AAPL
2009-09-30,USD,17222000000,42905000000,29832000000,25683000000,11740000000,4149000000,1333000000,5482000000,None,None,None,326000000,None,326000000,None,606000000,12066000000,3831000000,None,8235000000,8321000000,11740000000,12346000000,8235000000,AAPL
2023-06-30,USD,146052000000,209747000000,100049000000,65863000000,88523000000,30334000000,27195000000,61381000000,2994000000,-1968000000,1041000000,1968000000,211715000000,-223000000,11000000000,3852000000,89311000000,16950000000,1968000000,72361000000,70696000000,91279000000,95131000000,72361000000,MSFT
2022-06-30,USD,135620000000,196109000000,93355000000,62650000000,83383000000,27725000000,24512000000,55217000000,2094000000,-2063000000,2094000000,2063000000,198172000000,-32000000,12600000000,2980000000,83716000000,10978000000,2063000000,72738000000,66238000000,85779000000,88759000000,72738000000,MSFT
2021-06-30,USD,115856000000,165936000000,79977000000,52232000000,69916000000,25224000000,20716000000,48461000000,2131000000,-2346000000,2131000000,2346000000,168282000000,98000000,9300000000,2521000000,71102000000,9831000000,2346000000,61271000000,59897000000,73448000000,75969000000,61271000000,MSFT
2020-06-30,USD,96937000000,140503000000,73159000000,46078000000,52959000000,24709000000,19269000000,46350000000,2680000000,-2591000000,2680000000,2591000000,143094000000,-40000000,10700000000,2211000000,53036000000,8755000000,2591000000,44281000000,47807000000,55627000000,57838000000,44281000000,MSFT
2019-06-30,USD,82933000000,123495000000,67908000000,42910000000,42959000000,23098000000,16876000000,41874000000,2762000000,-2686000000,812000000,2686000000,126181000000,-57000000,9700000000,1900000000,43688000000,4448000000,2686000000,39240000000,41154000000,46374000000,48274000000,39240000000,MSFT
2018-06-30,USD,72007000000,107222000000,62776000000,38353000000,35058000000,22223000000,14726000000,39149000000,2214000000,-2733000000,1522000000,2733000000,109955000000,-59000000,7700000000,2200000000,36474000000,19903000000,2733000000,16571000000,13715000000,39207000000,41407000000,16571000000,MSFT
2017-06-30,USD,62310000000,96571000000,34261000000,34261000000,29025000000,20020000000,13037000000,35063000000,1387000000,-2222000000,1182000000,2222000000,-674000000,-251000000,6100000000,1700000000,29901000000,4412000000,2222000000,21204000000,24322000000,32123000000,33823000000,25489000000,MSFT
2016-06-30,USD,58374000000,91154000000,32780000000,32780000000,26078000000,19260000000,11988000000,33357000000,903000000,-1243000000,78000000,1243000000,-564000000,-195000000,4900000000,978000000,25639000000,5100000000,1243000000,16798000000,19811000000,26882000000,27860000000,20539000000,MSFT
2015-06-30,USD,60542000000,93580000000,33038000000,21410000000,18161000000,20324000000,12046000000,42381000000,766000000,-781000000,None,781000000,-88000000,-267000000,4100000000,1300000000,18507000000,6314000000,781000000,12193000000,11007000000,19288000000,20588000000,12193000000,MSFT
2014-06-30,USD,59755000000,86833000000,27078000000,16681000000,27759000000,20632000000,11381000000,31996000000,883000000,-597000000,None,597000000,-199000000,-169000000,3400000000,845000000,27820000000,5746000000,597000000,22074000000,24039000000,28417000000,29262000000,22074000000,MSFT
2013-06-30,USD,57464000000,77849000000,20385000000,20385000000,26764000000,20425000000,10411000000,30700000000,677000000,-429000000,None,429000000,-270000000,194000000,2600000000,739000000,27052000000,5189000000,429000000,21863000000,22184000000,27481000000,28220000000,21863000000,MSFT
2012-06-30,USD,56193000000,73723000000,17530000000,17530000000,21763000000,18426000000,9811000000,34430000000,800000000,-380000000,None,380000000,-481000000,1000000,2200000000,558000000,22267000000,5289000000,380000000,16978000000,16537000000,22647000000,23205000000,16978000000,MSFT
2011-06-30,USD,54366000000,69943000000,15577000000,15577000000,27161000000,18162000000,9043000000,27205000000,900000000,-295000000,None,295000000,-103000000,-31000000,2000000000,537000000,28071000000,4921000000,295000000,23150000000,23958000000,28366000000,28903000000,23150000000,MSFT
2010-06-30,USD,50089000000,62484000000,12395000000,12395000000,24098000000,17218000000,8714000000,26989000000,843000000,-151000000,None,151000000,-139000000,14000000,1800000000,707000000,25013000000,6253000000,151000000,18760000000,18846000000,25164000000,25871000000,18760000000,MSFT
2024-01-28,USD,44301000000,60922000000,16621000000,774000000,32972000000,2654000000,8675000000,11329000000,866000000,-257000000,866000000,257000000,None,237000000,894000000,614000000,33818000000,4058000000,257000000,29760000000,29830000000,34075000000,34689000000,29760000000,NVDA
2023-01-29,USD,15356000000,26974000000,11618000000,1040000000,4224000000,2440000000,7339000000,11132000000,267000000,-262000000,267000000,262000000,None,-48000000,844000000,699000000,4181000000,-187000000,262000000,4368000000,4336000000,4443000000,5142000000,4368000000,NVDA
2022-01-30,USD,17475000000,26914000000,9439000000,173000000,10041000000,2166000000,5268000000,7434000000,29000000,-236000000,29000000,236000000,26914000000,107000000,611000000,563000000,9941000000,189000000,236000000,9752000000,9722000000,10177000000,10740000000,9752000000,NVDA
2021-01-31,USD,10396000000,16675000000,6279000000,6279000000,4532000000,1940000000,3924000000,5864000000,57000000,-184000000,57000000,184000000,16675000000,4000000,486000000,1098000000,4409000000,77000000,184000000,4332000000,4350000000,4593000000,5691000000,4332000000,NVDA
2020-01-26,USD,6768000000,10918000000,4150000000,4150000000,2846000000,1093000000,2829000000,3922000000,178000000,-52000000,178000000,52000000,10918000000,-2000000,355000000,381000000,2970000000,174000000,52000000,2796000000,2809000000,3022000000,3403000000,2796000000,NVDA
2019-01-27,USD,7171000000,11658000000,5798000000,4545000000,3804000000,991000000,2376000000,3367000000,136000000,-58000000,136000000,58000000,11716000000,14000000,233000000,262000000,3896000000,-245000000,58000000,4141000000,4147000000,3954000000,4216000000,4141000000,NVDA
2018-01-28,USD,5822000000,9714000000,3892000000,3892000000,3210000000,815000000,1797000000,2612000000,69000000,-61000000,69000000,61000000,-19000000,-22000000,144000000,199000000,3196000000,149000000,80000000,3047000000,3045000000,3257000000,3456000000,3047000000,NVDA
2017-01-29,USD,4063000000,6910000000,2847000000,2847000000,1934000000,663000000,1463000000,2129000000,54000000,-58000000,54000000,58000000,-16000000,-25000000,118000000,187000000,1905000000,239000000,79000000,1666000000,1654000000,1963000000,2150000000,1666000000,NVDA
2016-01-31,USD,2811000000,5010000000,2199000000,2199000000,747000000,602000000,1331000000,2064000000,39000000,-47000000,8000000,47000000,0,4000000,124000000,197000000,743000000,129000000,47000000,614000000,602000000,790000000,987000000,614000000,NVDA
2015-01-25,USD,2599000000,4682000000,2083000000,2082030000,759000000,480000000,1360000000,1840000000,28090000,-46133000,-133000,46000000,500000,14000000,143000000,220000000,755000000,124000000,46133000,630587000,634000000,801000000,1021000000,631000000,NVDA
2014-01-26,USD,2268000000,4130000000,1862000000,1862399000,496000000,436000000,1336000000,1772000000,17119000,-10443000,-443000,10000000,4700000,7000000,164000000,239000000,510000000,70000000,10443000,439990000,435000000,520000000,759000000,440000000,NVDA
2013-01-27,USD,2226343000,4280159000,2053816000,20000000,648239000,430822000,1147282000,1578104000,19908000,-3294000,None,3294000,-1500000,-2814000,157600000,226235000,662039000,99503000,3294000,562536000,561903000,665333000,891568000,562536000,NVDA
2012-01-29,USD,2056517000,3997930000,1941413000,16700000,648299000,405613000,1002605000,1408218000,19149000,-3089000,None,3089000,None,-963000,145200000,204205000,663396000,82306000,3089000,581090000,581432000,666485000,870690000,581090000,NVDA
2011-01-30,USD,1409090000,3543309000,2134219000,2134219000,255747000,361513000,848830000,1153343000,19057000,-3127000,None,3127000,None,-508000,157000000,186989000,271169000,18023000,3127000,253146000,251246000,274296000,461285000,253146000,NVDA
2023-12-31,USD,172227000000,305559000000,133332000000,133332000000,84293000000,44342000000,45427000000,93702000000,None,-308000000,3414000000,308000000,305867000000,299000000,11946000000,11946000000,85717000000,11922000000,308000000,73795000000,76996000000,86025000000,100032000000,73795000000,GOOGL
2022-12-31,USD,155076000000,281279000000,126203000000,126203000000,74842000000,42291000000,39500000000,81791000000,None,-357000000,2174000000,357000000,281636000000,381000000,13475000000,15928000000,71328000000,11356000000,357000000,59972000000,53992000000,71685000000,90770000000,59972000000,GOOGL
2021-12-31,USD,146698000000,257637000000,110939000000,110939000000,78714000000,36422000000,31562000000,67984000000,None,-346000000,1499000000,346000000,1087000000,411000000,None,12441000000,90734000000,14701000000,346000000,76033000000,73777000000,91080000000,91155000000,76033000000,GOOGL
2020-12-31,USD,97795000000,182527000000,84732000000,84732000000,41224000000,28998000000,27573000000,56571000000,None,-135000000,1865000000,135000000,994000000,-637000000,None,13697000000,48082000000,7813000000,135000000,40269000000,42134000000,48217000000,54921000000,40269000000,GOOGL
2019-12-31,USD,89961000000,161857000000,71896000000,71896000000,34231000000,28015000000,26018000000,54033000000,None,-100000000,2427000000,100000000,162263000000,102000000,None,15175000000,39625000000,5282000000,100000000,34343000000,35447000000,39725000000,49406000000,34343000000,GOOGL
2018-12-31,USD,77270000000,136819000000,59549000000,59549000000,27524000000,24459000000,21419000000,45878000000,None,-114000000,1878000000,114000000,139387000000,378000000,None,9035000000,34913000000,4177000000,114000000,30736000000,29520000000,35027000000,45498000000,30736000000,GOOGL
2017-12-31,USD,65272000000,110855000000,45583000000,45583000000,26178000000,19765000000,16625000000,36390000000,None,-109000000,1312000000,109000000,-121000000,158000000,None,6915000000,27193000000,14531000000,109000000,12506000000,14072000000,27302000000,38533000000,12662000000,GOOGL
2016-12-31,USD,55134000000,90272000000,35138000000,35138000000,23716000000,17470000000,13948000000,31418000000,None,-124000000,1220000000,124000000,-475000000,88000000,None,6144000000,24150000000,4672000000,124000000,19478000000,18950000000,24274000000,29860000000,19478000000,GOOGL
2015-12-31,USD,46825000000,74989000000,28164000000,28164000000,19360000000,15183000000,12282000000,27465000000,None,-104000000,35000000,104000000,-422000000,152000000,None,5063000000,19651000000,3303000000,104000000,16348000000,14447000000,19755000000,24423000000,16348000000,GOOGL
2024-04-30,USD,178560000,310582000,132022000,132021999,-318342000,295537000,201365000,496902000,40079000,40079000,40079000,None,310582000,-641000,11500000,12719000,-278904000,792000,None,-279696000,-279874000,-318342000,-305623000,-279696000,AI
2023-04-30,USD,180458000,266795000,86337000,86337000,-290493000,260291000,210660000,470951000,21979000,21979000,21979000,22329000,266795000,350000,5000000,6088000,-268164000,675000,None,-268839000,-267076000,-290493000,-284405000,-268839000,AI
2022-04-30,USD,189046000,252759000,63713000,63713000,-196122000,234624000,150544000,385168000,1827000,1827000,1827000,1827000,252759000,3019000,4400000,5190000,-191276000,789000,None,-192065000,-194294000,-196122000,-190932000,-192065000,AI
2021-04-30,USD,138698000,183217000,44519000,44519000,-60258000,130100000,68856000,198956000,1255000,1255000,1255000,5266000,183217000,4011000,4000000,4297000,-54992000,704000,None,-55696000,-56039000,-60258000,-55961000,-55696000,AI
2023-12-31,USD,172227000000,305559000000,133332000000,133332000000,84293000000,44342000000,45427000000,93702000000,None,-308000000,3865000000,308000000,305867000000,299000000,11946000000,11946000000,85717000000,11922000000,308000000,73795000000,76996000000,86025000000,100032000000,73795000000,GOOG
2022-12-31,USD,155076000000,281279000000,126203000000,126203000000,74842000000,42291000000,39500000000,81791000000,None,-357000000,2174000000,357000000,281636000000,381000000,13475000000,15928000000,71328000000,11356000000,357000000,59972000000,53992000000,71685000000,90770000000,59972000000,GOOG
2021-12-31,USD,146698000000,257637000000,110939000000,110939000000,78714000000,36422000000,31562000000,67984000000,None,-346000000,1499000000,346000000,1087000000,411000000,None,12441000000,90734000000,14701000000,346000000,76033000000,73777000000,91080000000,91155000000,76033000000,GOOG
2020-12-31,USD,97795000000,182527000000,84732000000,84732000000,41224000000,28998000000,27573000000,56571000000,None,-135000000,1865000000,135000000,994000000,-637000000,None,13697000000,48082000000,7813000000,135000000,40269000000,42134000000,48217000000,54921000000,40269000000,GOOG
2019-12-31,USD,89961000000,161857000000,71896000000,71896000000,34231000000,28015000000,26018000000,54033000000,None,-100000000,2427000000,100000000,162263000000,102000000,None,15175000000,39625000000,5282000000,100000000,34343000000,35447000000,39725000000,49406000000,34343000000,GOOG
2018-12-31,USD,77270000000,136819000000,59549000000,59549000000,27524000000,24459000000,21419000000,45878000000,None,-114000000,1878000000,114000000,139387000000,378000000,None,9035000000,34913000000,4177000000,114000000,30736000000,29520000000,35027000000,45498000000,30736000000,GOOG
2017-12-31,USD,65272000000,110855000000,45583000000,45583000000,26178000000,19765000000,16625000000,36390000000,None,-109000000,1312000000,109000000,-121000000,158000000,None,6915000000,27193000000,14531000000,109000000,12506000000,14072000000,27302000000,38533000000,12662000000,GOOG
2016-12-31,USD,55134000000,90272000000,35138000000,35138000000,23716000000,17470000000,13948000000,31418000000,None,-124000000,1220000000,124000000,-475000000,88000000,None,6144000000,24150000000,4672000000,124000000,19478000000,18950000000,24274000000,29860000000,19478000000,GOOG
2015-12-31,USD,46825000000,74989000000,28164000000,28164000000,19360000000,15183000000,12282000000,27465000000,None,-104000000,35000000,104000000,-422000000,152000000,None,5063000000,19651000000,3303000000,104000000,16348000000,14447000000,19755000000,24423000000,16348000000,GOOG
2023-12-31,USD,183837000000,571668000000,387831000000,304739000000,36852000000,76486000000,85622000000,84992000000,2949000000,-3182000000,2493000000,3182000000,574850000000,938000000,30200000000,6606000000,37525000000,7100000000,3182000000,30445000000,31872000000,40707000000,47313000000,30425000000,AMZN
2022-12-31,USD,139192000000,511276000000,372084000000,288831000000,12248000000,74729000000,73213000000,84853000000,989000000,-2367000000,989000000,2367000000,513643000000,-16806000000,24924000000,6704000000,-5939000000,-3217000000,2367000000,-2722000000,-5833000000,-3572000000,3132000000,-2722000000,AMZN
2021-12-31,USD,126928000000,467958000000,341030000000,272344000000,24879000000,58274000000,56052000000,69686000000,448000000,-1809000000,448000000,1809000000,469767000000,14633000000,22909000000,10412000000,38155000000,4791000000,1809000000,33355000000,32168000000,39964000000,50376000000,33364000000,AMZN
2020-12-31,USD,102560000000,384452000000,281892000000,233307000000,22899000000,39576000000,42740000000,49985000000,555000000,-1647000000,555000000,1647000000,386099000000,2371000000,16239000000,9009000000,24194000000,2863000000,1647000000,21331000000,22137000000,25841000000,34850000000,21331000000,AMZN
2019-12-31,USD,67626000000,278902000000,211276000000,165536000000,14541000000,35081000000,35931000000,46941000000,832000000,-1600000000,832000000,1600000000,280502000000,203000000,15100000000,10659000000,13988000000,2400000000,1600000000,11588000000,11637000000,15588000000,26247000000,11588000000,AMZN
2018-12-31,USD,65283000000,231264000000,165981000000,139156000000,12421000000,26350000000,28837000000,27999000000,440000000,-1417000000,440000000,1417000000,232681000000,-183000000,12138000000,475000000,11270000000,1197000000,1417000000,10073000000,9526000000,12687000000,13162000000,10073000000,AMZN
2017-12-31,USD,51222000000,177265000000,126043000000,111934000000,4106000000,13743000000,22620000000,14949000000,202000000,-848000000,202000000,848000000,247000000,346000000,8800000000,366000000,3802000000,769000000,848000000,3033000000,3534000000,4650000000,5016000000,3033000000,AMZN
2016-12-31,USD,31752000000,135565000000,103813000000,88265000000,4186000000,7432000000,16085000000,16166000000,100000000,-484000000,100000000,484000000,62000000,90000000,6362000000,8116000000,3771000000,1400000000,484000000,2371000000,2109000000,4255000000,12371000000,2371000000,AMZN
2015-12-31,USD,22853000000,106332000000,83479000000,71651000000,2233000000,5547000000,12540000000,12288000000,50000000,-459000000,680000000,459000000,-215000000,-256000000,4949000000,6281000000,1546000000,950000000,459000000,596000000,384000000,2005000000,8286000000,596000000,AMZN
2014-12-31,USD,16330000000,88680000000,72350000000,62752000000,178000000,4852000000,9275000000,9956000000,39000000,-210000000,None,210000000,-98000000,-118000000,3600000000,4746000000,-74000000,167000000,210000000,-241000000,-567000000,136000000,4882000000,-241000000,AMZN
2013-12-31,USD,13264000000,74227000000,60963000000,54181000000,745000000,3529000000,6565000000,7211000000,38000000,-141000000,None,141000000,-84000000,-136000000,None,3253000000,435000000,161000000,141000000,274000000,328000000,576000000,3829000000,274000000,AMZN
2012-12-31,USD,9900000000,60926000000,51026000000,45971000000,676000000,2896000000,4564000000,5306000000,40000000,-92000000,None,92000000,-95000000,-80000000,None,2159000000,389000000,428000000,92000000,-39000000,38000000,481000000,2640000000,-39000000,AMZN
2011-12-31,USD,7668000000,48097000000,40429000000,37288000000,862000000,2058000000,2909000000,3360000000,61000000,-65000000,None,65000000,70000000,76000000,None,1083000000,922000000,291000000,65000000,631000000,505000000,987000000,2070000000,631000000,AMZN
2010-12-31,USD,5608000000,34097000000,28489000000,26561000000,1406000000,1360000000,1734000000,1967000000,51000000,-39000000,None,39000000,-70000000,79000000,None,568000000,1504000000,352000000,39000000,1152000000,1018000000,1543000000,2111000000,1152000000,AMZN
2009-12-31,USD,5531000000,24479000000,20364000000,18978000000,1129000000,1008000000,1240000000,4402000000,37000000,-34000000,None,34000000,5000000,29000000,None,378000000,1155000000,253000000,34000000,902000000,969000000,1189000000,1567000000,902000000,AMZN
2023-12-31,USD,108131000000,134090000000,25959000000,25959000000,46751000000,23709000000,38483000000,65134000000,1639000000,-446000000,1639000000,446000000,134536000000,-150000000,11020000000,510000000,47428000000,8330000000,446000000,39098000000,40473000000,47874000000,48384000000,39098000000,META
2022-12-31,USD,91103000000,116352000000,25249000000,25249000000,28944000000,27078000000,35338000000,62981000000,461000000,-176000000,9000000,185000000,116528000000,-320000000,8500000000,565000000,28819000000,5619000000,176000000,23200000000,20363000000,28944000000,29560000000,23200000000,META
2021-12-31,USD,95125000000,117774000000,22649000000,22649000000,46753000000,23872000000,24655000000,49278000000,None,-15000000,484000000,15000000,117789000000,210000000,7560000000,751000000,47284000000,7914000000,15000000,39370000000,37750000000,46753000000,48050000000,39370000000,META
2020-12-31,USD,69130000000,85822000000,16692000000,16692000000,32671000000,18155000000,18447000000,37334000000,None,-14000000,672000000,14000000,85836000000,-34000000,6390000000,732000000,33180000000,4034000000,14000000,29146000000,30562000000,32671000000,33926000000,29146000000,META
2019-12-31,USD,57802000000,70572000000,12770000000,12770000000,23986000000,20341000000,13600000000,34698000000,924000000,-20000000,924000000,20000000,70592000000,27000000,5180000000,757000000,24812000000,6327000000,20000000,18485000000,18756000000,24832000000,25589000000,18485000000,META
2018-12-31,USD,46261000000,55616000000,9355000000,9355000000,24913000000,11297000000,10273000000,22287000000,661000000,-9000000,661000000,9000000,55625000000,9000000,3680000000,640000000,25361000000,3249000000,9000000,22112000000,21610000000,25370000000,26010000000,22112000000,META
2017-12-31,USD,35199000000,40653000000,5454000000,5454000000,20203000000,7242000000,7754000000,15736000000,398000000,-6000000,398000000,6000000,-6000000,5000000,2330000000,692000000,20594000000,4660000000,6000000,15934000000,16410000000,20600000000,21292000000,15934000000,META
2016-12-31,USD,23849000000,27638000000,3789000000,3789000000,12427000000,5503000000,5919000000,12239000000,176000000,-10000000,176000000,10000000,-76000000,1000000,1590000000,751000000,12518000000,2301000000,10000000,10217000000,9969000000,12528000000,13279000000,10217000000,META
2015-12-31,USD,15061000000,17928000000,2867000000,2867000000,6225000000,4020000000,4816000000,9610000000,52000000,-23000000,52000000,23000000,-66000000,6000000,1220000000,730000000,6194000000,2506000000,23000000,3688000000,3461000000,6217000000,6947000000,3688000000,META
2014-12-31,USD,10313000000,12466000000,2153000000,2153000000,4994000000,2653000000,2666000000,5657000000,27000000,-23000000,27000000,23000000,-87000000,-1000000,923000000,319000000,4910000000,1970000000,23000000,2940000000,2698000000,4933000000,5252000000,2940000000,META
2013-12-31,USD,5997000000,7872000000,1875000000,1875000000,2804000000,1778000000,1415000000,3450000000,19000000,-56000000,19000000,56000000,-70000000,1000000,857000000,145000000,2754000000,1254000000,56000000,1500000000,1512000000,2810000000,2955000000,1500000000,META
2012-12-31,USD,3725000000,5089000000,1364000000,1364000000,538000000,1788000000,1399000000,3316000000,14000000,-51000000,None,51000000,-9000000,2000000,566000000,78000000,494000000,441000000,51000000,53000000,61000000,545000000,623000000,53000000,META
2023-12-31,TWD,1175111000000,2161736000000,986625000000,986625000000,921277000000,60872841000,182370000000,253834000000,None,48294500000,60293900000,18329078000,None,None,None,532191000000,974516000000,141403000000,None,851027700000,None,921277000000,1453468000000,851740000000,TSM
2022-12-31,TWD,1348354806000,2263891292000,915536486000,915536486000,1121278851000,53524898000,163262208000,227075955000,None,10672225000,22422209000,11749984000,None,None,None,468495304000,1144190718000,127290203000,None,1016922033000,None,1121278851000,1589774155000,992923400000,TSM
2021-12-31,TWD,819537266000,1587415037000,767877771000,767877771000,649980897000,36929600000,124734755000,169222934000,None,294000000,5897000000,5414218000,None,None,None,440954504000,663126314000,66053180000,None,597073134000,None,649980897000,1090935401000,592359200000,TSM
2020-12-31,TWD,711130120000,1339238429000,628108309000,628108309000,566783698000,28457593000,109486089000,144346422000,None,6936945000,10530000000,2081455000,None,None,None,345422687000,584777180000,66619098000,None,518158082000,None,566783698000,912206385000,510744000000,TSM
2019-12-31,TWD,492701896000,1069988843000,577286947000,577286947000,372701090000,21737210000,91418746000,119352225000,None,12938500000,16485488000,3250847000,None,0,None,307231488000,389845336000,44501527000,None,354027000000,None,372701090000,679932578000,353948000000,TSM
2018-12-31,TWD,497874253000,1031361769000,533487516000,533487516000,383623524000,20265900000,85895600000,112821617000,None,11643300000,14012124000,3051100000,None,0,None,311632376000,397543100000,34436900000,None,363106200000,None,383623524000,695255900000,363052700000,TSM
2017-12-31,TWD,494826402000,977442688000,482616286000,482616286000,385559223000,21196700000,80732500000,108169271000,None,6134400000,10200639000,3330300000,None,0,None,274105577000,396161900000,51122900000,None,345039000000,None,385559223000,659664800000,344998300000,TSM
2016-12-31,TWD,474832098000,947909271000,473077173000,473077173000,387858689000,19795600000,71207700000,96920868000,None,3011400000,8025592000,3306100000,None,0,None,223790811000,385921700000,54124400000,None,331797300000,None,387858689000,611649500000,331713700000,TSM
2015-12-31,TWD,410394893000,843512494000,433117601000,433117601000,322668894000,17257200000,65544600000,88665134000,None,None,30630724000,3190300000,None,0,None,222570052000,350477600000,47644700000,None,241.65,None,330034548000,552604600000,302850900000,TSM
2014-12-31,TWD,377734375000,762835021000,385100646000,385100646000,296314221000,18933400000,56828800000,80895675000,None,None,None,3236300000,None,None,None,200202789000,302073500000,47889900000,None,254183600000,None,303731811000,503934600000,254301400000,TSM
2013-12-31,TWD,280945507000,597003327000,316057820000,316057820000,209429363000,18881800000,47952000000,71588354000,None,None,None,2646800000,None,None,None,162692337000,215961500000,32111800000,None,183849700000,None,209429363000,372121700000,183977600000,TSM
2012-12-31,TWD,234308318000,499846858000,265538540000,265538540000,175305058000,17638100000,40402100000,57506548000,None,None,None,1020400000,None,None,None,139822430000,181554000000,15590300000,None,None,None,176801770000,316624200000,159480800000,TSM
2011-12-31,TWD,194143257000,427080645000,232937388000,232937388000,141631447000,14164100000,33829900000,52511800000,None,None,None,626700000,None,None,None,109984553000,145147700000,10694400000,None,None,None,141631447000,251616000000,134201300000,TSM
2010-12-31,TWD,207053591000,419537911000,212484320000,212484320000,159175335000,12804000000,29706700000,47878256000,None,None,None,425400000,None,None,None,92632765000,170270400000,7988500000,None,None,None,159175335000,251808100000,161605000000,TSM
2009-12-31,TWD,129328611000,295742239000,166413628000,166413628000,91961886000,11285500000,21593400000,37366700000,None,None,None,391500000,None,None,None,83461614000,95462600000,5996400000,None,None,None,91961886000,175423500000,89217800000,TSM
2008-12-31,TWD,142135852515,334064749760,191928897245,191928897245,104720442865,11096600000,21539318795,37415409650,None,None,None,8048090750,None,None,None,80152414000,111776483245,10978252770,None,None,None,104720442865,184872856865,99933200000,TSM
2007-12-31,TWD,142355835662,322647065905,180291230243,180291230243,111727309850,2700000,17947719382,30628525812,None,None,None,11769474817,None,None,None,77288055763,121648176057,11711097703,None,None,None,111727309850,189015365613,109197634910,TSM
2006-12-31,TWD,155785483073,317358056818,161572573745,161572573745,127244307850,3400000,16074165701,28541175223,None,None,None,7615107489,None,None,None,73609447230,133340955737,7771515345,None,None,None,127244307850,200853755080,126983628090,TSM
2005-12-31,TWD,118556640265,267362810860,148806170595,148806170595,91240813670,4400000,14058436155,27315793710,None,None,None,4705613305,None,None,None,74538127550,94545394435,632477205,None,None,None,91240813670,165778941220,93855039630,TSM
2004-12-31,TWD,116006335200,257622812160,141616476960,141616476960,88621233120,4400000,12551505120,27385102080,None,None,None,4564183680,None,None,None,68874799560,92107762320,-348652920,None,None,None,88621233120,157496032680,92456415240,TSM
2023-12-31,USD,17660000000,96773000000,79113000000,463000000,8891000000,4800000000,3969000000,8769000000,1066000000,-156000000,1066000000,156000000,96917000000,172000000,3330000000,506000000,9996000000,-5001000000,156000000,14974000000,15215000000,10152000000,10658000000,14997000000,TSLA
2022-12-31,USD,20853000000,81462000000,60609000000,604000000,13656000000,3946000000,3075000000,7197000000,297000000,-191000000,41000000,191000000,-81000000,-43000000,2420000000,493000000,13688000000,1130000000,191000000,12587000000,12141000000,13879000000,14372000000,12556000000,TSLA
2021-12-31,USD,13606000000,53823000000,40217000000,374000000,6523000000,4517000000,2593000000,7083000000,56000000,-371000000,56000000,371000000,-55000000,135000000,1910000000,466000000,6218000000,699000000,371000000,5644000000,5210000000,6589000000,7055000000,5519000000,TSLA
2020-12-31,USD,6630000000,31536000000,24906000000,289000000,1994000000,3145000000,1491000000,4636000000,30000000,-748000000,30000000,748000000,-336000000,-122000000,1570000000,399000000,1013000000,292000000,853000000,862000000,1120000000,1761000000,2160000000,721000000,TSLA
2019-12-31,USD,4069000000,24578000000,20509000000,193000000,-69000000,2646000000,1343000000,4138000000,44000000,-685000000,44000000,685000000,-98000000,45000000,1370000000,343000000,-752000000,110000000,685000000,-775000000,-890000000,-67000000,276000000,-862000000,TSLA
2018-12-31,USD,4042000000,21461000000,17419000000,85272000,-388000000,2835000000,1460000000,4430000000,24533000,-663071000,-71000,663000000,22184879000,22000000,1110000000,66000000,-918000000,58000000,663071000,-1062582000,-1018000000,-255000000,-189000000,-976000000,TSLA
2017-12-31,USD,2223000000,11759000000,9536000000,7797183000,-1632000000,2477000000,1378000000,3855000000,19686000,-471259000,-259000,471000000,948469000,-125000000,769000000,1636003000,-1930000000,32000000,471259000,-2240578000,-1905000000,-1459000000,177003000,-1962000000,TSLA
2016-12-31,USD,1599257000,7000132000,5400875000,4559939000,-667340000,1432189000,834408000,2266597000,8530000,-198810000,164180000,198810000,756309000,111272000,477300000,947099000,-648216000,26698000,198810000,-773046000,-695098000,-449406000,497693000,-674914000,TSLA
2015-12-31,USD,923503000,4046025000,3122522000,2868242000,-716629000,922232000,717900000,1640132000,1508000,-118851000,None,118851000,-55765000,-41652000,None,422590000,-875624000,13039000,118851000,-888663000,-892197000,-756773000,-334183000,-888663000,TSLA
2014-12-31,USD,881671000,3198356000,2316685000,2332294000,-186689000,603660000,464700000,1068360000,1126000,-100886000,None,100886000,1891000,1813000,63105000,231931000,-284636000,9404000,100886000,-294040000,-294062000,-183750000,48181000,-294040000,TSLA
2013-12-31,USD,456262000,217070000,1557234000,1565882000,-61283000,285569000,231976000,517545000,189000,-32934000,None,32934000,-3655000,22602000,17171000,106083000,-71426000,2588000,32934000,-74014000,-74014000,-38492000,67591000,-74014000,TSLA
2012-12-31,USD,30067000,413256000,383189000,388118000,-394283000,150372000,273978000,424350000,288000,-254000,None,254000,2096000,-1828000,None,28825000,-396077000,136000,254000,-396213000,-396210000,-395823000,-366998000,-396213000,TSLA
2011-12-31,USD,61595000,204242000,142647000,144475000,-251488000,104102000,208981000,313083000,255000,-43000,None,43000,2655000,-2646000,None,16919000,-253922000,489000,43000,-254411000,-254414000,-253879000,-236960000,-254411000,TSLA
2023-12-31,USD,2366311000,3055071000,688760000,688760000,-125678000,1423573000,1068416000,2743571000,None,105439000,None,105439000,3055071000,3799000,14100000,7400000,-16440000,19170000,None,-35610000,-25204000,-125678000,-118278000,-35610000,PINS
2022-12-31,USD,2123977000,2802574000,678597000,678597000,-101677000,1276674000,948980000,2250554000,30943000,15733000,30943000,15210000,2802574000,-14502000,21600000,24900000,-85944000,10103000,None,-96047000,-105285000,-101677000,-76777000,-96047000,PINS
2021-12-31,USD,2048707000,2578027000,529320000,529320000,326187000,942256000,780264000,1723820000,4204000,-5216000,4204000,9420000,2578027000,4204000,26200000,1300000,320971000,4533000,None,316438000,311777000,326187000,327487000,316438000,PINS
2020-12-31,USD,1243300000,1692658000,449358000,449358000,-142504000,779610000,606194000,1386804000,16119000,15484000,16119000,635000,1692658000,16119000,36000000,1000000,-127020000,1303000,None,-128323000,-126490000,-142504000,-141504000,-128323000,PINS
2019-12-31,USD,783858000,1142761000,358903000,358903000,-1388866000,965665000,1207059000,2174224000,30164000,28027000,30164000,2137000,1142761000,None,26300000,1500000,-1360839000,532000,None,-1361371000,-1359303000,-1388866000,-1387366000,-1361371000,PINS
2023-12-31,USD,34300000000,61860000000,27560000000,245000000,6979000000,19003000000,6775000000,27321000000,None,-1607000000,591000000,1607000000,-77000000,266000000,2109000000,2287000000,8678000000,1176000000,1607000000,7514000000,5481000000,10285000000,12572000000,7502000000,IBM
2022-12-31,USD,32687000000,60530000000,27842000000,385000000,6408000000,18609000000,6567000000,26279000000,None,-1216000000,162000000,1216000000,365000000,443000000,2407000000,2395000000,1013000000,-626000000,1216000000,1783000000,8134000000,2229000000,4624000000,1639000000,IBM
2021-12-31,USD,31486000000,57350000000,25865000000,300000000,4786000000,18745000000,6488000000,26700000000,None,-1155000000,52000000,1155000000,337000000,225000000,3888000000,2529000000,5867000000,124000000,1155000000,4712000000,10582000000,7022000000,9551000000,5743000000,IBM
2020-12-31,USD,30865000000,55179000000,24314000000,439000000,4609000000,20561000000,6262000000,30966000000,None,-1288000000,105000000,1288000000,-92000000,156000000,4227000000,2468000000,4230000000,-1360000000,1288000000,3932000000,4850000000,5518000000,7986000000,5590000000,IBM
2019-12-31,USD,31533000000,57714000000,26181000000,591000000,9004000000,18724000000,5910000000,27484000000,None,-1344000000,349000000,1344000000,None,968000000,4209000000,1850000000,9491000000,60000000,1344000000,7146000000,10324000000,10835000000,12685000000,9431000000,IBM
2018-12-31,USD,36936000000,79591000000,42655000000,42655000000,10838000000,19366000000,5379000000,26098000000,None,-723000000,264000000,723000000,None,-1152000000,3127000000,1353000000,11347000000,2619000000,723000000,8723000000,8252000000,12070000000,13423000000,8728000000,IBM
2017-12-31,USD,36943000000,79139000000,42196000000,41703000000,8813000000,19680000000,5590000000,27414000000,None,-615000000,144000000,615000000,None,216000000,3021000000,1520000000,11395000000,5642000000,615000000,5758000000,8559000000,12010000000,13530000000,5753000000,IBM
2016-12-31,USD,38516000000,79919000000,41403000000,40580000000,9715000000,20869000000,5726000000,28579000000,None,-630000000,108000000,630000000,None,-145000000,2837000000,1544000000,12321000000,449000000,630000000,11881000000,12081000000,12951000000,14495000000,11872000000,IBM
2015-12-31,USD,40684000000,81741000000,41057000000,40046000000,13333000000,20430000000,5247000000,27351000000,None,-468000000,None,468000000,-71000000,724000000,2662000000,1193000000,15771000000,2581000000,468000000,13364000000,11459000000,16239000000,17432000000,13190000000,IBM
2014-12-31,USD,46407000000,92793000000,46386000000,45346000000,16443000000,23180000000,5437000000,28429000000,None,-484000000,None,484000000,1535000000,1938000000,3145000000,1347000000,16250000000,4234000000,484000000,15751000000,5742000000,16734000000,18081000000,12016000000,IBM
2013-12-31,USD,48684000000,98367000000,49683000000,50136000000,17075000000,23451000000,5743000000,31832000000,None,-402000000,None,402000000,236000000,327000000,3327000000,1938000000,19839000000,3363000000,402000000,16483000000,37117000000,20241000000,22179000000,16476000000,IBM
2012-12-31,USD,50361000000,102874000000,52513000000,53122000000,16082000000,23463000000,5816000000,33946000000,None,-459000000,None,459000000,729000000,843000000,3392000000,1829000000,22134000000,5541000000,459000000,16604000000,29324000000,22593000000,24422000000,16593000000,IBM
2011-12-31,USD,50138000000,106916000000,56778000000,55713000000,16531000000,23594000000,6258000000,34229000000,None,-411000000,None,411000000,342000000,20000000,3589000000,1779000000,20997000000,5148000000,411000000,15855000000,17603000000,21408000000,23187000000,15849000000,IBM
2010-12-31,USD,46014000000,99870000000,53857000000,52757000000,14411000000,21837000000,6026000000,31166000000,None,-368000000,None,368000000,805000000,787000000,3657000000,1729000000,19714000000,4890000000,368000000,14833000000,29744000000,20082000000,21811000000,14824000000,IBM
2009-12-31,USD,43785000000,95758000000,51973000000,50752000000,15792000000,20952000000,5820000000,28395000000,None,-402000000,None,402000000,-219000000,351000000,3773000000,1221000000,18138000000,4713000000,402000000,13425000000,29865000000,18540000000,19761000000,13425000000,IBM
2023-12-31,USD,8904000000,58496000000,49592000000,24954000000,-27642000000,14771000000,10873000000,36324000000,1624000000,-2209000000,1624000000,2209000000,52890000000,835000000,None,4700000000,1004000000,-1115000000,2209000000,2172000000,2462000000,3213000000,7913000000,2119000000,PFE
2022-12-31,USD,47907000000,100330000000,52423000000,34344000000,16368000000,13677000000,12381000000,31539000000,251000000,-1238000000,1824000000,1238000000,126000000,-217000000,None,3600000000,34700000000,3328000000,1238000000,31401000000,28965000000,35938000000,39538000000,31372000000,PFE
2021-12-31,USD,34573000000,81288000000,45545000000,30821000000,3390000000,12703000000,13829000000,31183000000,36000000,-1291000000,560000000,1291000000,81368000000,4878000000,None,3700000000,23831000000,1852000000,1291000000,22414000000,21393000000,25122000000,28822000000,21979000000,PFE
2020-12-31,USD,18171000000,41651000000,22352000000,8484000000,-5395000000,11597000000,9405000000,23566000000,73000000,-1449000000,538000000,1449000000,41932000000,-1213000000,None,3400000000,9529000000,370000000,1449000000,6630000000,9639000000,10978000000,14378000000,9159000000,PFE
2019-12-31,USD,21948000000,50108000000,28160000000,8054000000,-5052000000,12726000000,8650000000,27000000000,226000000,-1574000000,-1000000,1573000000,51637000000,-3497000000,None,4500000000,16609000000,583000000,1712000000,10708000000,15908000000,18182000000,22682000000,16026000000,PFE
2018-12-31,USD,22784000000,52356000000,29572000000,8987000000,-3920000000,12612000000,8006000000,26704000000,333000000,-1316000000,333000000,1316000000,53672000000,-2077000000,None,4893000000,10887000000,-266000000,1319000000,3825000000,9198000000,12203000000,21412000000,11153000000,PFE
2017-12-31,USD,23926000000,50828000000,26902000000,11228000000,367000000,14804000000,7657000000,23507000000,391000000,-1270000000,391000000,1270000000,-947000000,-1416000000,None,4758000000,12259000000,-9049000000,2269000000,21306000000,23023000000,13529000000,20237000000,21308000000,PFE
2016-12-31,USD,22021000000,52231000000,30210000000,12322000000,-3732000000,14844000000,7872000000,25753000000,470000000,-1186000000,470000000,1186000000,-312000000,-3794000000,None,4056000000,8338000000,1123000000,1498000000,7198000000,5701000000,9524000000,19076000000,7215000000,PFE
2015-12-31,USD,17663000000,47768000000,30105000000,9648000000,-10484000000,14809000000,7690000000,28147000000,471000000,-1199000000,1597000000,1199000000,-806000000,-2860000000,None,3800000000,8950000000,1990000000,1199000000,6949000000,4755000000,10149000000,13949000000,6960000000,PFE
2014-12-31,USD,20754000000,49247000000,28493000000,9577000000,-6555000000,14097000000,8393000000,27309000000,425000000,-1360000000,None,1360000000,None,-1009000000,None,4100000000,12255000000,3120000000,1360000000,9087000000,5090000000,13615000000,17715000000,9135000000,PFE
2013-12-31,USD,20944000000,50893000000,29949000000,9586000000,-6044000000,14355000000,6678000000,28082000000,403000000,-1011000000,403000000,1414000000,320000000,532000000,None,4800000000,26309000000,4306000000,1414000000,11380000000,24658000000,27723000000,32523000000,22003000000,PFE
2012-12-31,USD,22350000000,57553000000,35203000000,9821000000,-9870000000,15171000000,7870000000,33692000000,382000000,-1140000000,382000000,1522000000,52000000,-4022000000,None,5400000000,16791000000,2221000000,1524000000,8993000000,12746000000,18313000000,23713000000,14570000000,PFE
2011-12-31,USD,23631000000,65824000000,42193000000,12500000000,-13008000000,17581000000,9112000000,38319000000,None,-1225000000,456000000,1681000000,1000000,-139000000,None,5585000000,13630000000,3621000000,1681000000,7820000000,9320000000,15311000000,20896000000,10009000000,PFE
2010-12-31,USD,21035000000,66010000000,44975000000,14788000000,-16937000000,18973000000,9538000000,39771000000,None,-1799000000,-2000000,1797000000,262000000,147000000,None,5404000000,9410000000,1153000000,1799000000,8287000000,4265000000,11207000000,16611000000,8257000000,PFE
2009-12-31,USD,23369000000,50009000000,26640000000,8459000000,-2296000000,14752000000,7913000000,25665000000,None,-1233000000,-1000000,1232000000,188000000,-62000000,None,2877000000,10780000000,2145000000,1233000000,8521000000,22405000000,12012000000,14889000000,8635000000,PFE
2023-12-31,USD,76055000000,133974000000,57919000000,72511000000,22877000000,32745000000,None,59195000000,None,-5524000000,348000000,5524000000,308000000,-313000000,14937000000,17624000000,16506000000,4892000000,5216000000,12095000000,12099000000,22030000000,39654000000,11614000000,VZ
2022-12-31,USD,91666000000,136835000000,45169000000,76232000000,30467000000,30136000000,None,49166000000,None,-3613000000,3569000000,3613000000,-1077000000,1373000000,14592000000,17099000000,27779000000,6523000000,4690000000,21748000000,20318000000,31392000000,48491000000,21256000000,VZ
2021-12-31,USD,92325000000,133613000000,41288000000,56301000000,32448000000,28658000000,None,45156000000,None,-3485000000,3340000000,3485000000,-2490000000,312000000,14119000000,16206000000,28867000000,6802000000,7026000000,22618000000,21209000000,32352000000,48558000000,22065000000,VZ
2020-12-31,USD,79353000000,128292000000,48939000000,51201000000,28798000000,31573000000,None,50020000000,None,-4247000000,4292000000,4247000000,-129000000,-539000000,14275000000,16720000000,23420000000,5619000000,4376000000,18348000000,16732000000,27667000000,44387000000,17801000000,VZ
2019-12-31,USD,84612000000,131868000000,47256000000,54726000000,30378000000,29896000000,None,48650000000,None,-4730000000,121000000,4730000000,-3604000000,-2900000000,14371000000,16682000000,22210000000,2945000000,8334000000,19788000000,17893000000,26940000000,43622000000,19265000000,VZ
2018-12-31,USD,77685000000,130863000000,53178000000,55508000000,22278000000,31083000000,None,56767000000,None,-4833000000,94000000,4833000000,-700000000,2364000000,15186000000,17403000000,19112000000,3584000000,5533000000,16039000000,14609000000,23945000000,41348000000,15528000000,VZ
2017-12-31,USD,26196000000,126034000000,99838000000,51556000000,27425000000,28592000000,None,46687000000,None,-4733000000,82000000,4733000000,-226000000,-2021000000,14741000000,16954000000,20145000000,-9956000000,6733000000,30550000000,30087000000,24878000000,41832000000,30101000000,VZ
2016-12-31,USD,25967000000,125980000000,100013000000,51424000000,29249000000,28102000000,None,49175000000,None,-4376000000,59000000,4376000000,-1800000000,-3789000000,14227000000,15928000000,20505000000,7378000000,6176000000,13608000000,15250000000,24881000000,40809000000,13127000000,VZ
2015-12-31,USD,33722000000,131620000000,97898000000,52557000000,33060000000,29986000000,None,47359000000,None,-4920000000,4891000000,4920000000,0,186000000,14323000000,16017000000,27744000000,9865000000,4920000000,18375000000,17318000000,32664000000,48681000000,17879000000,VZ
2014-12-31,USD,19599000000,127079000000,107480000000,49931000000,19599000000,41016000000,None,57937000000,None,-4915000000,None,4915000000,None,-1194000000,14966000000,16533000000,12939000000,3314000000,4915000000,11956000000,8378000000,17854000000,34387000000,9625000000,VZ
2013-12-31,USD,31968000000,120550000000,88582000000,44887000000,31968000000,27089000000,None,49677000000,None,-2667000000,None,2667000000,None,-166000000,15019000000,16606000000,17227000000,5730000000,2667000000,23547000000,11620000000,19894000000,36500000000,11497000000,VZ
2012-12-31,USD,13160000000,115846000000,102686000000,46275000000,13160000000,39951000000,None,62454000000,400000000,-2571000000,None,2571000000,None,-1016000000,14920000000,16460000000,215000000,-660000000,2571000000,10557000000,1841000000,2786000000,19246000000,875000000,VZ
2011-12-31,USD,12880000000,110875000000,97995000000,45875000000,12880000000,35624000000,None,58473000000,500000000,-2827000000,None,2827000000,None,-14000000,14991000000,16496000000,2689000000,285000000,2827000000,10198000000,2624000000,5516000000,22012000000,2404000000,VZ
2010-12-31,USD,13345000000,106565000000,93220000000,44149000000,14645000000,31366000000,None,55340000000,500000000,-2523000000,None,2523000000,None,54000000,14593000000,16405000000,5016000000,2467000000,2523000000,13240000000,4947000000,7539000000,23944000000,2549000000,VZ
2009-12-31,USD,14027000000,107808000000,93781000000,44579000000,15978000000,30717000000,None,53890000000,900000000,-3102000000,None,3102000000,None,91000000,14564000000,16534000000,6813000000,1919000000,3102000000,13460000000,5434000000,9915000000,26449000000,4894000000,VZ
2023-12-31,CNY,155915628000,247639205000,91723577000,91723577000,58698762000,4075622000,10952374000,97216866000,None,10194093000,10238080000,43987000,None,None,None,1888205000,71881155000,11849904000,None,60026544000,None,71889421000,73777626000,60026544000,PDD
2022-12-31,CNY,99095291000,130557589000,31462298000,31462298000,30401921000,3964935000,10384716000,68693370000,None,3945445000,3997100000,51655000,None,None,None,6218458000,36419014000,4725667000,None,31538062000,None,30401921000,36620379000,31538062000,PDD
2021-12-31,CNY,62231846000,93949939000,31718093000,31718093000,6896762000,1540774000,8992590000,55335084000,None,1830660000,3061662000,1231002000,None,None,None,3717917000,9455427000,1933585000,None,7768670000,None,6896762000,10614679000,7768670000,PDD
2020-12-31,CNY,40213224000,59491865000,19278641000,19278641000,-9380325000,1507297000,6891653000,49593549000,None,1698030000,2455366000,757336000,None,None,None,2649068000,-7263396000,66916000,None,-7179742000,None,-9380325000,-6731257000,-7330312000,PDD
2019-12-31,CNY,23803108000,30141886000,6338778000,6338778000,-8538211000,1296712000,3870358000,32341319000,None,1395967000,1541825000,145858000,None,0,None,1624611000,-6996279000,-437863000,None,-6967603000,None,-8538211000,-6913600000,-6558416000,PDD
2018-12-31,CNY,10214741000,13119990000,2905249000,2905249000,-10799741000,6456612000,1116057000,21014482000,None,584940000,584940000,0,None,0,None,497003000,-10217125000,582616000,None,-10217125000,None,-11306781000,-10809778000,-10217125000,PDD
2017-12-31,CNY,1021246000,1744076000,722830000,722830000,-595724000,133207000,129181000,1606970000,None,80783000,80783000,0,None,0,None,2265000,-525115000,-59236000,None,-525115000,None,-564177000,-561912000,-525115000,PDD
2016-12-31,CNY,-73006000,504864000,577870000,577870000,-286210000,14793000,29421000,213204000,None,4460000,4460000,0,None,0,None,756000,-291977000,3733000,None,-291977000,None,-278017000,-277261000,-291977000,PDD
2023-09-30,USD,68228000000,88898000000,20670000000,59201000000,12863000000,15336000000,None,22157000000,424000000,1973000000,427000000,-1973000000,None,-73000000,3626000000,1782000000,3733000000,1379000000,-1973000000,2354000000,3181000000,1760000000,3542000000,2354000000,DIS
2022-09-30,USD,64140000000,82722000000,18582000000,75952000000,12121000000,16388000000,None,19803000000,90000000,1549000000,581000000,-1549000000,None,-4000000,3183000000,2019000000,4877000000,1732000000,-1549000000,3193000000,5466000000,3328000000,5347000000,3145000000,DIS
2021-09-30,USD,51162000000,67418000000,16256000000,63759000000,7766000000,13517000000,None,17184000000,307000000,-1546000000,-3092000000,-1546000000,None,0,3068000000,2085000000,2020000000,25000000,1546000000,2024000000,3877000000,474000000,2559000000,1995000000,DIS
2020-09-30,USD,45042000000,65388000000,20346000000,61594000000,8108000000,12369000000,None,21163000000,None,-1647000000,198000000,1647000000,65000000,0,3140000000,2242000000,-2165000000,699000000,1647000000,-2832000000,-4569000000,-518000000,1724000000,-2864000000,DIS
2019-09-30,USD,55523000000,69607000000,14047000000,57719000000,14847000000,11549000000,None,54546000000,None,-1246000000,543000000,1246000000,-511000000,0,2844000000,1323000000,14080000000,3026000000,1757000000,10441000000,8240000000,15326000000,16649000000,11054000000,DIS
2023-12-31,USD,7050000000,8971000000,1921000000,1921000000,762000000,4164000000,2124000000,6288000000,None,230000000,255000000,25000000,8971000000,-56000000,372000000,544000000,1008000000,-723000000,None,1731000000,1796000000,762000000,1306000000,1731000000,NOW
2022-12-31,USD,5672000000,7245000000,1573000000,1573000000,355000000,3549000000,1768000000,5317000000,None,-27000000,27000000,27000000,7245000000,-38000000,261000000,439000000,399000000,74000000,27000000,325000000,189000000,426000000,865000000,325000000,NOW
2021-12-31,USD,4543000000,5896000000,1353000000,1353000000,257000000,2889000000,1397000000,4286000000,None,-28000000,28000000,28000000,5893000000,20000000,312000000,370000000,249000000,19000000,31000000,230000000,170000000,277000000,647000000,230000000,NOW
2020-12-31,USD,3532000000,4519000000,987000000,987113000,199000000,2309181000,1024000000,3333000000,None,-32746000,254000,33000000,4472873000,-16000000,225000000,263631000,150000000,31000000,79357000,118503000,188000000,183000000,446631000,119000000,NOW
2019-12-31,USD,2664000000,3460000000,796000000,796645000,42000000,1873300000,749000000,2622000000,None,-33283000,-283000,33000000,3460437000,58000000,168000000,202614000,67000000,-560000000,33283000,626698000,656000000,100000000,302614000,627000000,NOW
2018-12-31,USD,1986158000,2608816000,622658000,622658000,-42426000,1499083000,529501000,2028584000,None,-52733000,34624000,52733000,2608816000,56135000,123000000,168558000,-39024000,-12320000,52733000,-26704000,-29272000,13709000,182267000,-26704000,NOW
2017-12-31,USD,1418632000,1933026000,499862000,499772000,-64396000,1157150000,377518000,1483028000,None,-53394000,16677000,53394000,1918494000,11181000,93200000,134962000,-113406000,3440000,53394000,-149130000,-88406000,-60012000,74950000,-116846000,NOW
2016-12-31,USD,991990000,1390513000,398995000,398682000,-382168000,859400000,285239000,1374158000,None,-33278000,8032000,33278000,1390985000,6623000,67800000,96317000,-410419000,3830000,33278000,-451804000,-420148000,-377141000,-280824000,-414249000,NOW
2015-12-31,USD,676067000,1005480000,329413000,329413000,-166365000,625043000,217389000,842432000,None,-31097000,26647000,31097000,None,2858000,48500000,77341000,-193012000,5414000,31097000,-198426000,-203195000,-161915000,-84574000,-198426000,NOW
2014-12-31,USD,433787000,682563000,248776000,248776000,-151835000,437364000,148258000,585622000,2964000,-29059000,None,29059000,2490000,-100000,35300000,58070000,-175540000,3847000,29059000,-179387000,-191024000,-146481000,-88411000,-179387000,NOW
2013-12-31,USD,269391000,424650000,155259000,155259000,-66267000,256980000,78678000,335658000,1053000,-3498000,None,3498000,-2493000,8000,22600000,30477000,-71197000,2511000,3498000,-73708000,-74148000,-67699000,-37222000,-73708000,NOW
2012-12-31,USD,139703000,243712000,104009000,104009000,-37584000,137954000,39333000,177287000,351000,-1337000,None,1337000,1000,186000,13500000,13710000,-35980000,1368000,1337000,-37348000,-38283000,-37584000,-20933000,-37348000,NOW
2024-03-31,CNY,333253000000,941168000000,607915000000,607915000000,123871000000,41985000000,52256000000,209382000000,None,-17911000000,None,7947000000,None,None,None,48232000000,101596000000,22529000000,None,71332000000,None,123871000000,172103000000,80009000000,BABA
2023-03-31,CNY,318992000000,868687000000,549695000000,549695000000,100351000000,42183000000,56744000000,215927000000,None,-16989000000,5918000000,16989000000,None,None,None,167895,89185000000,15549000000,None,65573000000,None,122391832105,122392000000,72783000000,BABA
2022-03-31,CNY,313612000000,853062000000,539450000000,539450000000,105302000000,31922000000,55465000000,218833000000,None,-20611000000,30496000000,20611000000,None,None,None,228485,59550000000,26815000000,None,47079000000,None,116948771515,116949000000,62249000000,BABA
2021-03-31,CNY,296084000000,717289000000,421205000000,421205000000,170054000000,55224000000,57236000000,206406000000,None,68318000000,72794000000,4476000000,None,None,None,236558,165578000000,29278000000,None,143284000000,None,182480763442,182481000000,150578000000,BABA
2020-03-31,CNY,227344000000,509711000000,282367000000,282367000000,172401000000,28197000000,43080000000,135338000000,None,67776000000,72956000000,5180000000,None,None,None,13388000000,166645000000,20562000000,None,140350000000,None,172401000000,185789000000,149433000000,BABA
2019-03-31,CNY,169915000000,376844000000,206929000000,206929000000,57084000000,24889000000,37435000000,112831000000,None,38916000000,44106000000,5190000000,None,0,None,10727000000,96221000000,16553000000,None,80234000000,None,101411000000,112138000000,87886000000,BABA
2018-03-31,CNY,143222000000,250266000000,107044000000,107044000000,69314000000,16241000000,22754000000,73414000000,None,26929000000,30495000000,3566000000,None,0,None,7120000000,100403000000,18199000000,None,61412000000,None,104463000000,111583000000,64093000000,BABA
2017-03-31,CNY,98790000000,158273000000,59483000000,59483000000,48055000000,12239000000,17060000000,50284000000,None,5888000000,8559000000,2671000000,None,0,None,14292000000,60029000000,13776000000,None,41226000000,None,60636000000,74928000000,43675000000,BABA
2016-03-31,CNY,66788000000,101143000000,34355000000,34355000000,29102000000,9205000000,13788000000,37231000000,None,None,51210000000,1946000000,None,0,None,2931000000,81468000000,8449000000,None,3694.80,None,83869000000,86800000000,71460000000,BABA
2015-03-31,CNY,52370000000,76204000000,23834000000,23834000000,23135000000,7800000000,10658000000,29060000000,None,None,None,2750000000,None,0,None,2089000000,32326000000,6416000000,None,3922897007.82,None,35251000000,37340000000,24261000000,BABA
2014-03-31,CNY,39135000000,52504000000,13369000000,13369000000,24920000000,4218000000,5093000000,13919000000,None,None,None,2195000000,None,None,None,1654000000,26802000000,3196000000,None,23403000000,None,29041000000,30695000000,23315000000,BABA
2013-03-31,CNY,24798000000,34517000000,9719000000,9719000000,10751000000,2889000000,3753000000,13484000000,None,None,None,1572000000,None,None,None,935000000,10112000000,1457000000,None,None,None,11859000000,12794000000,8532000000,BABA
2012-03-31,CNY,13471000000,20025000000,6554000000,6554000000,5015000000,2211000000,2897000000,8121000000,None,None,None,68000000,None,None,None,870000000,5532000000,842000000,None,None,None,5735000000,6605000000,4228000000,BABA
2011-03-31,CNY,4626570000,5557586000,931016000,931016000,1536538000,568324000,580173000,3090032000,None,None,None,176398000,None,None,None,226910000,1706457000,236445000,None,None,None,1536538000,1763448000,1469464000,BABA
2010-03-31,CNY,3340290000,3874728000,534438000,534438000,1072970000,409708000,384333000,2267320000,None,None,None,140941000,None,None,None,126582000,1176419000,163393000,None,None,None,1072970000,1199552000,1013026000,BABA
2009-03-31,CNY,2613826000,3001194000,387368000,387368000,1192383000,320144000,186513000,1421443000,None,None,None,245055000,None,None,None,77220000,1415503000,210317000,None,None,None,1192383000,1269603000,1205186000,BABA
2008-03-31,CNY,1882644000,2162757000,280113000,280113000,804345000,229868000,131495000,1078299000,None,None,None,406307000,None,None,None,59260000,1149444000,181649000,None,None,None,865553000,924813000,967795000,BABA
2007-03-31,CNY,1126237000,1363862000,237625000,237625000,268496000,159969000,105486000,857741000,None,None,None,23159000,None,None,None,54043000,291388000,71450000,None,None,None,268763000,322806000,219938000,BABA
2023-12-31,USD,3552491000,8022841000,4470350000,253162000,2021115000,1117305000,0.29,1438447000,516497000,-431868000,516497000,431868000,-94700000,-83997000,94100000,40075000,1904341000,513461000,431868000,2444253000,1399222000,2336209000,2376284000,1390880000,BX
2022-12-31,USD,3825451000,8517673000,4692222000,3532454000,2642285000,1092671000,0.25,1367766000,271612000,-317225000,105142000,317225000,182900000,-82859000,69200000,67097000,2220511000,472880000,317225000,2988909000,1739782000,2537736000,2604833000,1747631000,BX
2021-12-31,USD,13234304000,22577148000,9342844000,8350126000,12346574000,917847000,1.08,1090830000,160643000,-198268000,461624000,198268000,200600000,458865000,52200000,74871000,7041798000,1184401000,198268000,12374995000,5853602000,7240066000,7314937000,5857397000,BX
2020-12-31,USD,2730334000,6101927000,3371593000,2588758000,1649932000,711782000,0.40,827260000,125231000,-166162000,30542000,166162000,257800000,-4841000,35100000,71053000,1401377000,356014000,166162000,2261506000,1058027000,1567539000,1638592000,1045363000,BX
2019-12-31,USD,3520006000,7338270000,3818264000,3067857000,2805292000,679408000,None,794707000,182398000,-199648000,182398000,199648000,76400000,444396000,26300000,70999000,2001730000,-47952000,199648000,3865967000,2057661000,2201378000,2272377000,2049682000,BX
2018-12-31,USD,2923774000,6833259000,3909485000,2674691000,2327381000,594873000,None,1268710000,7957000,-163990000,171947000,163990000,None,191722000,23900000,59021000,1791178000,249390000,163990000,3263551000,1539330000,1955168000,2014189000,1541788000,BX
2017-12-31,USD,6782492000,7145015000,336561000,2930815000,2921859000,466316000,None,3727404000,-57790000,-197486000,3478973000,197486000,6434212000,725452000,25200000,46776000,2214521000,743147000,197486000,3373954000,1500243000,2412007000,2458783000,1471374000,BX
2016-12-31,USD,4257645000,5146299000,868189000,2203430000,3444209000,520309000,None,2928574000,-56930000,-152654000,2051858000,152654000,4607486000,184750000,32000000,82943000,1171376000,132362000,152654000,2249648000,1028646000,1324030000,1406973000,1039014000,BX
2015-12-31,USD,3969012000,4646552000,677540000,2290751000,3299254000,576103000,None,3090875000,94957000,-144522000,176364000,144522000,4345619000,259071000,26000000,101437000,900187000,190398000,144522000,1624350000,678133000,1044709000,1146146000,709789000,BX
2014-12-31,USD,6833350000,7484728000,651378000,3154371000,6181972000,549463000,None,651378000,69809000,-121524000,None,121524000,6880116000,357854000,28600000,101915000,1875762000,291173000,121524000,3695553000,1560258000,1997286000,2099201000,1584589000,BX
2013-12-31,USD,6040955000,6613168000,572213000,3257667000,2174215000,474442000,None,-120122000,64511000,-107973000,None,107973000,38980000,402133000,33600000,95671000,1426844000,255642000,107973000,2892919000,1172498000,1534817000,1630488000,1171202000,BX
2012-12-31,USD,3329429000,4019441000,690012000,2605244000,68748000,548738000,None,769451000,40354000,-72870000,None,72870000,3617176000,256145000,34000000,139174000,403621000,185023000,72870000,829882000,218810000,476491000,615665000,218598000,BX
2011-12-31,USD,2478672000,3252576000,773904000,2738425000,-909397000,566313000,None,831728000,37427000,-57824000,None,57824000,2994410000,212751000,31600000,207591000,177408000,345711000,57824000,-132753000,-170647000,235232000,442823000,-168303000,BX
2010-12-31,USD,2490933000,3119342000,628409000,3610189000,-1653057000,466358000,None,669638000,36218000,-41229000,None,41229000,2522582000,501994000,24000000,162051000,-285359000,84669000,41229000,-607323000,-368146000,-244130000,-82079000,-370028000,BX
2023-12-31,USD,16892000000,96194000000,41798000000,None,-2663000000,11335000000,None,19555000000,None,8230000000,50281000000,42051000000,45913000000,None,None,4256000000,11670000000,2583000000,42051000000,9230000000,8919000000,53721000000,57977000000,9087000000,MS
2022-12-31,USD,19314000000,65936000000,39299000000,26123000000,343000000,11072000000,None,18971000000,None,9327000000,21595000000,12268000000,44341000000,None,None,3998000000,13939000000,2910000000,12268000000,11179000000,7878000000,26207000000,30205000000,11029000000,MS
2021-12-31,USD,25295000000,61121000000,40035000000,4707000000,7076000000,10505000000,None,18219000000,None,8045000000,9411000000,1366000000,51710000000,None,None,4216000000,19582000000,4548000000,1366000000,15120000000,13894000000,20948000000,25164000000,15034000000,MS
2020-12-31,USD,18156000000,52606000000,34339000000,6778000000,3147000000,7975000000,None,15009000000,None,6313000000,10162000000,3849000000,42444000000,None,None,3769000000,14235000000,3239000000,3849000000,11179000000,11822000000,18084000000,21853000000,10996000000,MS
2019-12-31,USD,14986000000,53942000000,30238000000,14897000000,2057000000,7572000000,None,12929000000,None,4694000000,17098000000,12404000000,36844000000,None,None,2643000000,11106000000,2064000000,12404000000,9237000000,8546000000,23510000000,26153000000,9042000000,MS
2018-12-31,USD,11285000000,50193000000,28846000000,12479000000,-17153000000,23995000000,None,28438000000,None,3806000000,13892000000,10086000000,36301000000,None,None,1844000000,11098000000,2350000000,10086000000,8887000000,9953000000,21184000000,23028000000,8748000000,MS
2017-12-31,USD,10359000000,43642000000,27564000000,7790000000,-17688000000,23768000000,None,28047000000,None,3300000000,8997000000,5697000000,34645000000,None,None,1753000000,10279000000,4168000000,5697000000,6235000000,5694000000,15976000000,17729000000,6111000000,MS
2016-12-31,USD,9809000000,37949000000,25914000000,5238000000,-16617000000,22377000000,None,26426000000,None,3698000000,7016000000,3318000000,30933000000,None,None,1736000000,8705000000,2726000000,3318000000,6122000000,5304000000,12023000000,13759000000,5979000000,MS
2015-12-31,USD,9307000000,37897000000,26747000000,4634000000,-17421000000,22849000000,None,26728000000,None,3093000000,5835000000,2742000000,32062000000,None,None,1433000000,8327000000,2200000000,2742000000,6295000000,5719000000,11069000000,12502000000,6127000000,MS
2014-12-31,USD,3590000000,34275000000,30685000000,25694000000,-23870000000,24382000000,None,27460000000,None,1735000000,5413000000,3678000000,32540000000,None,None,1161000000,3377000000,-90000000,3678000000,3481000000,3312000000,7055000000,8216000000,3467000000,MS
2013-12-31,USD,4482000000,32493000000,27935000000,25333000000,-21756000000,19425000000,None,30669000000,None,778000000,5209000000,4431000000,31715000000,None,None,1511000000,3834000000,902000000,4431000000,2975000000,2355000000,8265000000,9776000000,2932000000,MS
2012-12-31,USD,515000000,26178000000,25597000000,181000000,-25244000000,18902000000,None,31654000000,None,-205000000,5692000000,5897000000,26383000000,36000000,None,1581000000,-93000000,-161000000,5895000000,138000000,-291000000,5804000000,7385000000,68000000,MS
2011-12-31,USD,6114000000,32227000000,26289000000,1777000000,-19294000000,19601000000,None,32160000000,None,351000000,7234000000,6883000000,31876000000,-241000000,None,1404000000,5524000000,1414000000,6752000000,4168000000,4420000000,12407000000,13811000000,4110000000,MS
2010-12-31,USD,6202000000,31230000000,25420000000,1973000000,-19440000000,19083000000,None,32056000000,None,898000000,7305000000,6407000000,30332000000,-307000000,None,1419000000,5446000000,743000000,6414000000,4469000000,4796000000,11853000000,13272000000,4703000000,MS
2009-12-31,USD,857000000,23280000000,22501000000,1681000000,-21847000000,16313000000,None,28925000000,None,790000000,7477000000,6687000000,22490000000,None,None,1224000000,1049000000,-297000000,6221000000,1383000000,1206000000,7736000000,8960000000,1346000000,MS
2023-10-29,USD,12384000000,26274000000,16276000000,14133000000,7654000000,1628000000,3102000000,4730000000,262000000,-238000000,300000000,238000000,26512000000,300000000,471000000,515000000,7716000000,860000000,238000000,6856000000,6841000000,7954000000,8469000000,6856000000,AMAT
2022-10-30,USD,11993000000,25590000000,15670000000,13792000000,7788000000,1438000000,2771000000,4205000000,44000000,-228000000,39000000,228000000,25818000000,39000000,404000000,444000000,7599000000,1074000000,228000000,6525000000,6583000000,7827000000,8271000000,6525000000,AMAT
2021-10-31,USD,10914000000,22827000000,13929000000,12149000000,6889000000,1229000000,2485000000,4025000000,26000000,-236000000,118000000,236000000,23063000000,118000000,345000000,394000000,6771000000,883000000,236000000,5888000000,5927000000,7007000000,7401000000,5888000000,AMAT
2020-10-25,USD,7692000000,16962000000,10979000000,9510000000,4365000000,1093000000,2234000000,3327000000,None,-240000000,41000000,240000000,17202000000,41000000,320000000,376000000,4166000000,547000000,240000000,3619000000,3500000000,4406000000,4782000000,3619000000,AMAT
2019-10-27,USD,6386000000,14608000000,8222000000,8222000000,3350000000,982000000,2054000000,3036000000,None,-237000000,156000000,237000000,-8000000,156000000,306000000,363000000,3269000000,563000000,237000000,2706000000,2668000000,3506000000,3869000000,2706000000,AMAT
2018-10-28,USD,7517000000,16705000000,9188000000,9188000000,4491000000,1002000000,2022000000,3026000000,None,-234000000,132000000,234000000,-5000000,139000000,258000000,457000000,4396000000,1358000000,234000000,3313000000,2974000000,4630000000,5087000000,3038000000,AMAT
2017-10-29,USD,6612000000,14698000000,8086000000,8086000000,3936000000,890000000,1781000000,2676000000,None,-198000000,61000000,198000000,39000000,78000000,214000000,407000000,3816000000,297000000,198000000,3434000000,3570000000,4014000000,4421000000,3519000000,AMAT
2016-10-30,USD,4511000000,10825000000,6314000000,6314000000,2152000000,819000000,1540000000,2359000000,None,-155000000,16000000,155000000,-75000000,16000000,200000000,389000000,2013000000,292000000,155000000,1721000000,1698000000,2168000000,2557000000,1721000000,AMAT
2015-10-25,USD,3952000000,9666000000,6970000000,5707000000,1693000000,883000000,1451000000,2259000000,None,-103000000,95000000,103000000,110000000,8000000,185000000,371000000,1598000000,221000000,103000000,1377000000,1361000000,1701000000,2072000000,1377000000,AMAT
2014-10-26,USD,3843000000,9026000000,6501000000,5229000000,1520000000,890000000,1428000000,2323000000,None,-95000000,None,95000000,49000000,23000000,191000000,375000000,1448000000,376000000,95000000,1072000000,1034000000,1543000000,1918000000,1072000000,AMAT
2013-10-27,USD,2991000000,7437000000,5888000000,4518000000,432000000,902000000,1320000000,2559000000,None,-95000000,None,95000000,23000000,13000000,211000000,410000000,350000000,94000000,95000000,256000000,279000000,445000000,855000000,256000000,AMAT
2012-10-28,USD,3313000000,8634000000,7072000000,5406000000,411000000,1076000000,1237000000,2902000000,None,-95000000,None,95000000,-7000000,17000000,198000000,422000000,316000000,207000000,95000000,109000000,42000000,411000000,833000000,109000000,AMAT
2011-10-30,USD,4360000000,10513000000,7274000000,6157000000,2398000000,901000000,1118000000,1962000000,None,-59000000,None,59000000,13000000,42000000,194000000,246000000,2378000000,452000000,59000000,1926000000,1930000000,2437000000,2683000000,1926000000,AMAT
2010-10-31,USD,3715000000,9506687000,7325953000,5834000000,1384000000,942000000,1143000000,2331000000,None,-21507000,-507000,21000000,-20000000,37430000,None,305000000,1387000000,449000000,21507000,937866000,942000000,1408000000,1713000000,938000000,AMAT
2009-10-25,USD,1431000000,5002534000,4764311000,3583000000,-394000000,735000000,934000000,1825000000,None,-21304000,-304000,21000000,-24000000,48580000,None,291000000,-486000000,-181000000,21304000,-340310000,-280000000,-465000000,-174000000,-305000000,AMAT
2023-12-31,USD,24293000000,67060000000,42767000000,43607000000,12966000000,6371000000,2108000000,9643000000,494000000,-17000000,494000000,511000000,-682000000,595000000,1929000000,218000000,13116000000,2781000000,None,10332000000,10972000000,12966000000,13184000000,10335000000,CAT
2022-12-31,USD,18077000000,59427000000,41350000000,41915000000,7904000000,5651000000,1814000000,8543000000,167000000,-443000000,443000000,443000000,104000000,1291000000,1937000000,284000000,8772000000,2067000000,None,6704000000,5801000000,7904000000,8188000000,6705000000,CAT
2021-12-31,USD,15458000000,50971000000,35513000000,35968000000,6878000000,5365000000,1686000000,6958000000,80000000,-488000000,488000000,488000000,110000000,1814000000,2050000000,302000000,8231000000,1742000000,None,6493000000,5824000000,6878000000,7180000000,6489000000,CAT
2020-12-31,USD,9940000000,41748000000,29082000000,29671000000,4553000000,4642000000,1415000000,6230000000,112000000,-514000000,514000000,514000000,-193000000,-44000000,2122000000,311000000,4004000000,1006000000,None,3003000000,3677000000,4553000000,4864000000,2998000000,CAT
2019-12-31,USD,14125000000,53800000000,36630000000,37384000000,8290000000,5162000000,1693000000,45510000000,202000000,-421000000,227000000,421000000,-67000000,-57000000,2253000000,324000000,7839000000,1746000000,None,6094000000,6102000000,8290000000,8614000000,6093000000,CAT
2018-12-31,USD,14825000000,54722000000,36997000000,819000000,8293000000,5478000000,1850000000,46429000000,195000000,-404000000,513000000,404000000,-201000000,-67000000,2435000000,331000000,7845000000,1698000000,None,6148000000,5666000000,8293000000,8624000000,6147000000,CAT
2017-12-31,USD,11416000000,45462000000,31260000000,31049000000,4460000000,4999000000,1842000000,41002000000,122000000,-531000000,409000000,531000000,-213000000,153000000,2555000000,323000000,4093000000,3339000000,None,759000000,1601000000,4460000000,4783000000,754000000,CAT
2016-12-31,USD,7464000000,38537000000,28044000000,28309000000,1162000000,4383000000,1853000000,37375000000,74000000,-505000000,451000000,505000000,-57000000,-518000000,2707000000,326000000,125000000,192000000,None,-59000000,-71000000,1162000000,1488000000,-67000000,CAT
2015-12-31,USD,10601000000,47011000000,36410000000,33742000000,3785000000,4951000000,2119000000,43226000000,65000000,None,527000000,507000000,-228000000,161000000,2705000000,337000000,3018000000,916000000,None,2113000000,1536000000,3785000000,4122000000,2102000000,CAT
2014-12-31,USD,12375000000,55184000000,42809000000,39767000000,3314000000,6529000000,2380000000,51870000000,66000000,None,None,484000000,54000000,322000000,2795000000,365000000,4387000000,692000000,None,3711000000,1162000000,3314000000,3679000000,3695000000,CAT
2013-12-31,USD,11967000000,55656000000,43689000000,40727000000,5628000000,5547000000,2046000000,50028000000,84000000,None,None,465000000,-254000000,-35000000,2710000000,371000000,5108000000,1319000000,None,3803000000,6324000000,5628000000,5999000000,3789000000,CAT
2012-12-31,USD,16013000000,65875000000,49862000000,47055000000,8573000000,5919000000,2466000000,57302000000,82000000,None,None,467000000,-116000000,130000000,2421000000,387000000,8209000000,2528000000,None,5722000000,5469000000,8573000000,8960000000,5681000000,CAT
2011-12-31,USD,13814000000,60138000000,46324000000,43578000000,7153000000,5203000000,2297000000,52985000000,85000000,None,None,1222000000,21000000,-32000000,2240000000,233000000,6648000000,1720000000,None,4981000000,2651000000,7153000000,7386000000,4928000000,CAT
2010-12-31,USD,9500000000,42588000000,33088000000,30367000000,3963000000,4248000000,1905000000,38625000000,86000000,None,None,1257000000,-55000000,130000000,2202000000,76000000,3668000000,968000000,None,2758000000,2410000000,3963000000,4039000000,2700000000,CAT
2009-12-31,USD,5654000000,32396000000,26742000000,23886000000,577000000,3645000000,1421000000,31819000000,98000000,None,None,1434000000,184000000,381000000,2254000000,61000000,625000000,-270000000,None,827000000,2662000000,577000000,638000000,895000000,CAT
2023-12-31,USD,27440000000,108418000000,35515000000,16552000000,17360000000,5224000000,None,10080000000,3856000000,6351000000,68515000000,62164000000,39903000000,None,None,4856000000,10739000000,2223000000,62164000000,8516000000,8608000000,72903000000,77759000000,8516000000,GS
2022-12-31,USD,19783000000,68711000000,33879000000,16174000000,11795000000,5533000000,None,7988000000,2199000000,7678000000,29024000000,21346000000,39687000000,None,None,2455000000,13486000000,2225000000,21346000000,11261000000,10319000000,34832000000,37287000000,11261000000,GS
2021-12-31,USD,31806000000,64989000000,32295000000,18700000000,25036000000,4755000000,None,6770000000,None,6470000000,12120000000,5650000000,52869000000,None,None,2015000000,27044000000,5409000000,5650000000,21635000000,21001000000,32694000000,34709000000,21635000000,GS
2020-12-31,USD,14371000000,53498000000,32081000000,14269000000,8284000000,4014000000,None,6087000000,None,4751000000,13689000000,8938000000,39809000000,None,None,1902000000,12479000000,3020000000,8937000000,9459000000,9509000000,21417000000,23319000000,9459000000,GS
2019-12-31,USD,15869000000,53922000000,25963000000,13382000000,8674000000,4251000000,None,7195000000,None,4362000000,21738000000,17376000000,32184000000,None,None,1704000000,10583000000,2117000000,17356000000,8466000000,6289000000,27959000000,29663000000,8466000000,GS
2018-12-31,USD,18373000000,52528000000,24135000000,13137000000,12123000000,4078000000,None,6250000000,None,3767000000,19679000000,15912000000,32849000000,None,None,1328000000,12481000000,2022000000,15752000000,10459000000,13032000000,28393000000,29721000000,10459000000,GS
2017-12-31,USD,14331000000,42911000000,20367000000,12586000000,-2318000000,15309000000,None,16649000000,None,2932000000,13113000000,10181000000,29798000000,None,None,1152000000,11132000000,6846000000,10067000000,4286000000,3622000000,21313000000,22465000000,4286000000,GS
2016-12-31,USD,11841000000,37894000000,20166000000,12435000000,-4380000000,14827000000,None,16221000000,None,2587000000,9691000000,7104000000,28203000000,None,None,998000000,10304000000,2906000000,7107000000,7398000000,6595000000,17408000000,18406000000,7398000000,GS
2015-12-31,USD,10400000000,39208000000,24855000000,13450000000,-6616000000,16025000000,None,17016000000,None,3064000000,8452000000,5388000000,30756000000,None,None,991000000,8778000000,2695000000,5354000000,-34540000000,6108000000,14166000000,15157000000,6083000000,GS
2014-12-31,USD,13718000000,40085000000,22171000000,21167000000,-3698000000,16057000000,None,17416000000,None,4047000000,9604000000,5557000000,30481000000,None,None,1337000000,12357000000,3880000000,5268000000,8477000000,8258000000,17914000000,19251000000,8477000000,GS
2013-12-31,USD,11737000000,40874000000,22469000000,21534000000,-5571000000,14254000000,None,23976000000,None,3392000000,10060000000,6668000000,30814000000,None,None,1322000000,11737000000,3697000000,6668000000,8040000000,7709000000,18405000000,19727000000,8040000000,GS
2012-12-31,USD,-28879000000,41664000000,22956000000,13819000000,-43826000000,14609000000,None,21026000000,None,3880000000,11381000000,7501000000,30283000000,11381000000,None,1738000000,11207000000,3732000000,6573000000,7475000000,7798000000,18708000000,20446000000,7475000000,GS
2011-12-31,USD,-28700000000,36793000000,22642000000,1030000000,-43255000000,14166000000,None,20738000000,None,5192000000,13174000000,7982000000,23619000000,None,None,1865000000,6169000000,1727000000,6183000000,4442000000,4212000000,14151000000,16016000000,4442000000,GS
2010-12-31,USD,-29642000000,36880000000,26269000000,23364000000,-47334000000,17172000000,None,21151000000,None,-3373000000,12309000000,3459000000,None,12309000000,None,520000000,12892000000,4538000000,3459000000,-78141000000,8430000000,16351000000,16871000000,8354000000,GS
2009-12-31,USD,-25344000000,42875000000,25344000000,24025000000,-42588000000,17244000000,None,17244000000,None,-2935000000,13907000000,3000000000,None,None,None,96000000,19829000000,6444000000,3000000000,-74376000000,13395000000,22829000000,22925000000,13385000000,GS
2023-12-31,USD,16271000000,24708000000,8437000000,10138000000,10237000000,2404000000,None,18282000000,None,-2029000000,None,3324000000,24708000000,333000000,None,5879000000,8316000000,1006000000,None,6282000000,7375000000,10237000000,16116000000,7310000000,NEE
2022-12-31,USD,16341000000,23278000000,6937000000,10817000000,4081000000,2289000000,None,17397000000,None,174000000,763000000,585000000,23104000000,200000000,None,4503000000,4733000000,586000000,None,3246000000,3929000000,4081000000,8584000000,4147000000,NEE
2021-12-31,USD,12965000000,19042000000,6077000000,8480000000,2913000000,2012000000,None,14233000000,None,148000000,267000000,1270000000,18894000000,130000000,None,3924000000,3921000000,348000000,None,2827000000,3665000000,2913000000,6837000000,3573000000,NEE
2020-12-31,USD,10844000000,16976000000,6132000000,7290000000,5116000000,1911000000,None,13234000000,None,120000000,38000000,1950000000,16856000000,92000000,None,4052000000,2963000000,44000000,None,2369000000,2996000000,5116000000,9168000000,2919000000,NEE
2019-12-31,USD,11221000000,17604000000,6383000000,8003000000,5353000000,1888000000,None,14257000000,None,101000000,54000000,2249000000,17503000000,121000000,None,4216000000,4217000000,448000000,None,3388000000,3789000000,5353000000,9569000000,3769000000,NEE
2018-12-31,USD,9856000000,15558000000,5702000000,7062000000,4280000000,1590000000,None,12527000000,None,94000000,51000000,1498000000,15464000000,48000000,None,3911000000,8214000000,1576000000,None,5776000000,6667000000,4280000000,8191000000,6638000000,NEE
2017-12-31,USD,-4373000000,178000000,4551000000,7398000000,5173000000,1531000000,None,12000000000,None,-1477000000,81000000,1558000000,178000000,11000000,None,2357000000,4720000000,-660000000,None,5320000000,5561000000,5173000000,7530000000,5380000000,NEE
2016-12-31,USD,-4251000000,578000000,4829000000,7431000000,4459000000,1479000000,None,11679000000,None,-1011000000,82000000,1093000000,578000000,19000000,None,3120000000,4285000000,1379000000,None,3005000000,3003000000,4459000000,7579000000,2906000000,NEE
2015-12-31,USD,-3459000000,1038000000,4497000000,8596000000,4632000000,1522000000,None,12854000000,None,None,86000000,1211000000,1038000000,40000000,None,2831000000,3980000000,1228000000,None,2752000000,2625000000,4632000000,7463000000,2752000000,NEE
2014-12-31,USD,-3652000000,461000000,4113000000,8751000000,4384000000,1443000000,None,12637000000,None,None,80000000,1261000000,461000000,0,None,2551000000,3641000000,1176000000,None,2465000000,2369000000,4384000000,6935000000,2465000000,NEE
2013-12-31,USD,-3609000000,300000000,3909000000,8152000000,3241000000,1347000000,None,11895000000,None,None,78000000,1121000000,54000000,27000000,None,2163000000,2685000000,777000000,None,1677000000,2219000000,3241000000,5404000000,1908000000,NEE
2012-12-31,USD,11401000000,14256000000,2855000000,8276000000,3276000000,1243000000,None,10980000000,None,-139000000,86000000,139000000,157000000,-23000000,None,1518000000,2603000000,692000000,139000000,1911000000,1810000000,3276000000,4260000000,1911000000,NEE
2011-12-31,USD,12347000000,15341000000,2994000000,6256000000,3261000000,1136000000,None,12080000000,None,-104000000,79000000,104000000,85000000,37000000,None,1567000000,2452000000,529000000,104000000,1923000000,1603000000,3261000000,4123000000,1923000000,NEE
2010-12-31,USD,13316000000,15317000000,2001000000,6242000000,3227000000,57000000,None,12090000000,None,-71000000,91000000,71000000,-67000000,-12000000,None,1788000000,2489000000,532000000,71000000,2831000000,1954000000,3227000000,4348000000,1957000000,NEE
2009-12-31,USD,13878000000,15643000000,1765000000,7405000000,2594000000,51000000,None,13049000000,None,None,78000000,849000000,60000000,12000000,None,1765000000,1942000000,327000000,None,2331000000,1802000000,2594000000,4359000000,1615000000,NEE
2023-12-31,USD,4729500000,7616100000,4378700000,2394600000,1766800000,1963900000,998800000,2962700000,None,192100000,192100000,None,7115600000,None,382000000,20200000,1939600000,141600000,None,1817300000,1948300000,1766800000,1787000000,1798000000,ISRG
2022-12-31,USD,4196000000,6548300000,3793900000,2026200000,1577100000,1739900000,879000000,2618900000,None,29700000,29700000,29700000,6171800000,29700000,326000000,27800000,1584700000,262400000,None,1344400000,1184000000,1577100000,1604900000,1322300000,ISRG
2021-12-31,USD,3958500000,5970600000,3245500000,1751600000,1821000000,1466500000,671000000,2137500000,None,69300000,69300000,356000000,5693700000,69300000,280000000,27400000,1866800000,162200000,None,1728100000,1655500000,1821000000,1848400000,1704600000,ISRG
2020-12-31,USD,2861200000,4546000000,2763300000,1497200000,1049800000,1216300000,595100000,1811400000,None,157200000,157200000,427200000,4369300000,157200000,221000000,49800000,1200800000,140200000,None,1066800000,1073100000,1049800000,1099600000,1060600000,ISRG
2019-12-31,USD,3110200000,4583900000,2589700000,1368300000,1374500000,1178400000,557300000,1735700000,None,127700000,127700000,328200000,4477000000,127700000,157000000,43000000,1499700000,120400000,None,1381800000,1405000000,1374500000,1417500000,1379300000,ISRG
2018-12-31,USD,2604100000,3824400000,2120900000,1120100000,1199400000,986600000,418100000,1404700000,None,80100000,80100000,None,3773000000,80100000,105900000,14200000,1282400000,154500000,None,1125000000,1130100000,1199400000,1213600000,1127900000,ISRG
2017-12-31,USD,2202000000,3136800000,934800000,936200000,1062900000,810500000,328600000,1139100000,None,41900000,41900000,None,32700000,41900000,82100000,12900000,1104800000,433900000,None,660000000,664300000,1062900000,1075800000,670900000,ISRG
2016-12-31,USD,1892900000,2707200000,814300000,813600000,949700000,703600000,239600000,943200000,None,35600000,35600000,None,11900000,35600000,70700000,18200000,985300000,247000000,None,735900000,738900000,949700000,967900000,738300000,ISRG
2015-12-31,USD,1577900000,2384400000,806500000,806500000,740000000,640500000,197400000,837900000,None,None,18500000,None,6300000,18500000,61100000,24400000,758500000,169700000,None,588800000,584400000,740000000,764400000,588800000,ISRG
2014-12-31,USD,1413800000,2131700000,717900000,717900000,544800000,691000000,178000000,869000000,None,None,None,None,-6900000,4200000,52000000,22400000,549000000,130200000,None,418800000,411600000,544800000,567200000,418800000,ISRG
2013-12-31,USD,1594200000,2265100000,670900000,670900000,852500000,574000000,167700000,741700000,None,None,None,None,3100000,18400000,46000000,21300000,870900000,199900000,None,671000000,666500000,852500000,873800000,671000000,ISRG
2012-12-31,USD,1570300000,2178800000,608500000,608500000,878100000,522200000,170000000,692200000,None,None,None,15800000,300000,15800000,34700000,23100000,893900000,237300000,None,656600000,662300000,878100000,901200000,656600000,ISRG
2011-12-31,USD,1273800000,1757300000,483500000,483500000,694800000,438800000,140200000,579000000,None,None,None,None,300000,14900000,28700000,17800000,709700000,214600000,None,495100000,494400000,694800000,712600000,495100000,ISRG
2010-12-31,USD,1030000000,1413000000,383000000,383000000,555200000,358800000,116000000,474800000,None,None,None,None,-2600000,17100000,23700000,16700000,572300000,190500000,None,381800000,382100000,555200000,571900000,381800000,ISRG
2009-12-31,USD,751100000,1052200000,301100000,301116000,377400000,278600000,95100000,373700000,None,None,None,None,None,18672000,19000000,15618000,396100000,163500000,None,232606000,236800000,377400000,393018000,232600000,ISRG
2023-12-31,USD,63019000000,63019000000,None,None,29322000000,10383000000,None,31885000000,None,35796000000,100868000000,65072000000,None,None,None,167895,30348000000,5789000000,None,24559000000,None,32787832105,32788000000,23533000000,HSBC
2022-12-31,USD,67013000000,67013000000,None,None,39342000000,11091000000,None,40335000000,None,32610000000,55059000000,22449000000,None,None,None,228485,17528000000,858000000,None,16670000000,None,43214771515,43215000000,15559000000,HSBC
2021-12-31,USD,64236000000,64236000000,None,None,18130000000,11592000000,None,46536000000,None,26489000000,36188000000,9699000000,None,None,None,236558,18906000000,4213000000,None,14693000000,None,22415763442,22416000000,13917000000,HSBC
2020-12-31,USD,63223000000,63223000000,None,None,7907000000,11115000000,None,47920000000,None,27578000000,41756000000,14178000000,None,None,None,206297,8777000000,2678000000,None,6099000000,None,13147793703,13148000000,5229000000,HSBC
2019-12-31,USD,70861000000,70861000000,None,None,12022000000,13828000000,None,47721000000,None,30462000000,54695000000,24233000000,None,None,None,10519000000,13347000000,4639000000,None,8708000000,None,12022000000,22541000000,7383000000,HSBC
2018-12-31,USD,63766000000,63766000000,-30000000,-30000000,37712000000,15353000000,None,42797000000,None,30489000000,49609000000,19120000000,None,None,None,1933000000,19890000000,4865000000,None,15025000000,None,37712000000,39645000000,13727000000,HSBC
2017-12-31,USD,64132000000,64132000000,14588000000,14588000000,63776000000,15707000000,None,43471000000,None,28176000000,40995000000,12819000000,None,None,None,1862000000,17167000000,5288000000,None,11879000000,None,28905000000,30767000000,10798000000,HSBC
2016-12-31,USD,61136000000,61136000000,16001000000,16001000000,59836000000,16473000000,None,43397000000,None,29813000000,42414000000,12601000000,None,None,None,5212000000,7112000000,3666000000,None,3446000000,None,18746000000,23958000000,2479000000,HSBC
2015-12-31,USD,72239000000,72239000000,18379000000,18379000000,31951000000,17662000000,None,47474000000,None,32531000000,47189000000,14658000000,None,None,None,2206000000,18867000000,3771000000,None,15096000000,None,31951000000,34157000000,13522000000,HSBC
2014-12-31,USD,73732000000,73732000000,20101000000,20101000000,33846000000,18565000000,None,51199000000,None,None,None,16250000000,None,None,None,2318000000,18680000000,3975000000,None,14705000000,None,33846000000,36164000000,13688000000,HSBC
2013-12-31,USD,78548000000,78548000000,21502000000,21502000000,36622000000,17065000000,None,51895000000,None,None,None,15653000000,None,None,None,2295000000,22565000000,4765000000,None,17800000000,None,36622000000,38917000000,16204000000,HSBC
2012-12-31,USD,75521000000,75521000000,27341000000,27341000000,38294000000,19983000000,None,56138000000,None,None,None,19030000000,None,None,None,2531000000,20649000000,5315000000,None,None,None,38294000000,40825000000,14027000000,HSBC
2011-12-31,USD,83461000000,83461000000,34470000000,34470000000,43283000000,17459000000,None,52726000000,None,None,None,22343000000,None,None,None,2920000000,21872000000,3928000000,None,None,None,43283000000,46203000000,16797000000,HSBC
2010-12-31,USD,76264000000,76264000000,32943000000,32943000000,37014000000,15156000000,None,49455000000,None,None,None,18904000000,None,None,None,2696000000,19037000000,4846000000,None,None,None,37014000000,39710000000,13159000000,HSBC
2009-12-31,USD,76239000000,76239000000,47854000000,47854000000,27585000000,13392000000,None,47344000000,None,None,None,21366000000,None,None,None,2538000000,7079000000,385000000,None,None,None,27585000000,30123000000,5834000000,HSBC
2008-12-31,USD,111063000000,111063000000,73675000000,73675000000,58142000000,15260000000,None,70361000000,None,None,None,48738000000,None,None,None,12500000000,9307000000,2809000000,None,None,None,58142000000,70642000000,5728000000,HSBC
2007-12-31,USD,104843000000,104843000000,71806000000,71806000000,77903000000,15294000000,None,64892000000,None,None,None,54564000000,None,None,None,2073000000,24212000000,3757000000,None,None,None,77903000000,79976000000,19133000000,HSBC
2006-12-31,USD,80643000000,80643000000,51966000000,51966000000,63173000000,12823000000,None,48830000000,None,None,None,41393000000,None,None,None,1752000000,22086000000,5215000000,None,None,None,63173000000,64925000000,15789000000,HSBC
2005-12-31,USD,69505000000,69505000000,36561000000,36561000000,48934000000,11183000000,None,41382000000,None,None,None,28760000000,None,None,None,2213000000,20966000000,5093000000,None,None,None,48934000000,51147000000,15081000000,HSBC
2004-12-31,USD,62179000000,62179000000,25536000000,25536000000,36982000000,9739000000,None,37313000000,None,None,None,19372000000,None,None,None,2050000000,18943000000,4685000000,None,None,None,36982000000,39032000000,12918000000,HSBC
